@online{AMG8834,
	author ={Panasonic Automotive and Industrial Systems Europe GmbH},
	title = {GRID-EYE STATE OF THE ART THERMAL IMAGING SOLUTION},
	year = {2016},
	month = {03},
	urldate = {2018-02-25},
	url = {https://eu.industrial.panasonic.com/grideye-evalkit},
	keywords = {online}
}

@online{MenschWaerme,
	author ={Prof. Dr.-Ing. E. Specht},
	title = {Der Mensch als waermetechnisches System},
	year = {2005},
	month = {05},
    urldate = {2018-02-26},
	publisher = {Institut für Stroemungstechnik und Thermodynamik, Otto-von-Guericke-Universität Magdeburg},
	url = {http://www.uni-magdeburg.de/isut/TV/Download/Der_Mensch_als_waermetechnisches_System.pdf},
	keywords = {online}
}
@online{Edelstahl,
	author ={euro inox},
	title = {Edelstahl Rostfrei Oberflaechen im Bauwesen},
	year = {2015},
	month = {12},
	isbn ={2879970237},
	urldate = {2018-02-26},
	publisher = {Euro Inox},
	url = {http://www.edelstahl-rostfrei.de/page.asp?pageID=1612},
	keywords = {book}
}

@online{Thermoformeln,
	author ={MICRO-EPSILON MESSTECHNIK GmbH & Co. KG},
	title = {Grundlagen der berührungslosen
Temperaturmessung},
	year = {2018},
	month = {1},
	urldate = {2018-03-05},
	publisher = {Euro Inox},
	url = {https://www.micro-epsilon.de/download/products/dat--infrarot-grundlagen--de.pdf},
	keywords = {book}
}

@online{seebeck,
	author = { Michael Arndta, Alexander Grafa, and Gerald Gerlach},
	title  = {Seebeck effect in micromachined thermopiles for infrared detection},
	year = {2007},
	month = {6},
	urldate = {2018-03-02},
	url    = {http://www.kirj.ee/public/Engineering/2007/issue_4/eng-2007-4-7.pdf},
	keywords = {online}
}
@online{senring,
	author = {Senring},
	title  = {SNE01 series Mini 1000M Ethernet slip ring},
	year = {2015},
	month = {12},
	urldate = {2017-10-03},
	url    = {http://www.senring.com/ethernet-slip-rings/SNE01.html},
	keywords = {online}
}
@online{banana,
	author = {BPI TEAM},
	title  = {Banana Pi M3 Ubuntu Image},
	year = {2016},
	month = {04},
	urldate = {2017-09-29},
	url    = {http://forum.banana-pi.org/t/bpi-m3-new-image-bpi-m3-ubuntu-16-04-beta-mate/1440},
	keywords = {online}
}
@online{velodyne,
	author = {Velodyne LiDAR},
	title  = {VLP-16 Manual},
	year = {2016},
	month = {03},
	urldate = {2017-09-28},
	url    = {http://velodynelidar.com/vlp-16.html},
	keywords = {online}
}
@online{hokuyo,
	author = {HOKUYO AUTOMATIC CO},
	title  = {Rangefinder Type Laser Scannner URG-04LX Specifications},
	year = {2005},
	month = {07},
	urldate = {2017-10-04},
	url    = {https://www.hokuyo-aut.jp/search/single.php?serial=165},
	keywords = {online}
}
@online{IMM,
	author = {Janusz Bedkowski},
	title  = {Enrich Team Informationen},
	year = {2017},
	month = {07},
	urldate = {2017-11-13},
	url    = {http://enrich.european-robotics.eu/},
	keywords = {online}
}
@online{hector,
	author = {Stefan Kohlbrecher},
	title  = {Enrich Team Informationen},
	year = {2017},
	month = {07},
	urldate = {2017-11-13},
	url    = {http://enrich.european-robotics.eu/},
	keywords = {online}
}
@online{DRV8825,
	author = {Pololu},
	title = {DRV8825 Stepper Motor Driver Carrier, High Current},
	month  = {01},
	year   = {2017},
	urldate = {2017-10-29},
	url    = {https://www.pololu.com/product/2133},
	keywords = {online}
}
@online {D24V50F5,
	author = {Pololu},
	title = {Pololu 5V, 5A Step-Down Voltage Regulator D24V50F5},
	month  = {01},
	year   = {2017},
	urldate = {2017-10-11},
	url    =  {https://www.pololu.com/product/2851},
	keywords = {online}
}
@online {Trinamic,
	author    =  {TRINAMIC Motion Control GmbH & Co KG},
	title     =  {QMOT QSH4218 MANUAL},
	year      =  {2012},
	urldate = {2017-10-17},
	url      =  {www.trinamic.com/fileadmin/assets/Products/Motors_Documents/QSH4218_manual.pdf},
	keywords = {online}
}
@online{mouserstepper,
	author = {Mouser},
	title  = {Sucherergebnisse Mouser stepper motor encoder},
	year = {2017},
	month = {01},
	urldate = {2017-09-29},
	url    = {https://www.mouser.ch/Search/Refine.aspx?Keyword=stepper+motor+encoder},
	keywords = {online}
}

@online{pololumotor,
	author = {Pololu},
	title  = {25D mm Metal Gearmotors},
	year = {2017},
	month = {01},
	urldate = {2017-09-29},
	url    = {https://www.pololu.com/product/3265},
	keywords = {online}
}
@online{rpi,
	author = {BPI TEAM},
	title  = {Banana pi BPI-M64 vs Raspberry pi 3 vs odroid vs Pine64},
	year = {2016},
	month = {08},
	urldate = {2017-10-01},
	url    = {http://forum.banana-pi.org/t/banana-pi-bpi-m64-vs-raspberry-pi-3-vs-odroid-vs-pine64/2070},
	keywords = {online}
}



@online{ROSTutorials,
	author = {ros.org},
	title  = {Ros Tutorials},
	year = {2017},
	month = {11},
	urldate = {2017-10-12},
	url    = {http://wiki.ros.org/ROS/Tutorials},
	keywords = {online}
}

@online{ROSvelodyne,
	author = {ros.org},
	title  = {Ros Tutorials},
	year = {2016},
	month = {05},
	urldate = {2017-10-19},
	url    = {http://wiki.ros.org/velodyne_pointcloud?distro=kinetic},
	keywords = {online}
}

@online{QRE,
	author = {ros.org},
	title  = {Ros Tutorials},
	year = {2016},
	month = {05},
	urldate = {2017-10-19},
	url    = {http://wiki.ros.org/velodyne_pointcloud?distro=kinetic},
	keywords = {online}
}

@online {Koordinaten,
	author = {Prof. Dr. O. Bittel},
	title  = {Mobile Roboter - Position und Orientierung},
	year = {2017},
	urldate = {2017-11-28},
	publisher = {HTWG Konstanz},
	url    = {http://www-home.htwg-konstanz.de/~bittel/ain_robo/Vorlesung/02_PositionUndOrientierung.pdf},
	keywords = {online}
}

@online {armhf_issues,
	author = {tfoote},
	title  = {libpcl-dev missing on Ubuntu armhf, Accelerometers, and Machine Learning},
	month = {05},
	year = {2016},
	urldate = {2017-09-30},
	url    = {https://github.com/ros/rosdistro/issues/11583},
	keywords = {online}
}

@online {ubuntuodroid,
	author = {unknown},
	title  = {Installing ros on odroid 2},
	month = {05},
	year = {2016},
	urldate = {2017-10-10},
	url    = {https://answers.ros.org/question/240324/install-ros-on-odroid-c2-running-ubuntu-1604/},
	keywords = {online}
}