@online{AMG8834,
	author ={Panasonic Automotive and Industrial Systems Europe GmbH},
	title = {GRID-EYE STATE OF THE ART THERMAL IMAGING SOLUTION},
	year = {2016},
	month = {03},
	urldate = {2018-02-25},
	url = {eu.industrial.panasonic.com/grideye-evalkit},
	keywords = {online}
}

@online{MenschWaerme,
	author ={Prof. Dr.-Ing. E. Specht},
	title = {Der Mensch als waermetechnisches System},
	year = {2005},
	month = {05},
    urldate = {2018-02-26},
	publisher = {Institut für Stroemungstechnik und Thermodynamik, Otto-von-Guericke-Universität Magdeburg},
	url = {www.uni-magdeburg.de/isut/TV/Download/Der_Mensch_als_waermetechnisches_System.pdf},
	keywords = {online}
}
@online{Edelstahl,
	author ={euro inox},
	title = {Edelstahl Rostfrei Oberflaechen im Bauwesen},
	year = {2015},
	month = {12},
	isbn ={2879970237},
	urldate = {2018-02-26},
	publisher = {Euro Inox},
	url = {www.edelstahl-rostfrei.de/page.asp?pageID=1612},
	keywords = {book}
}

@online{Thermoformeln,
	author ={MICRO-EPSILON MESSTECHNIK GmbH \& Co. KG},
	title = {Grundlagen der berührungslosen Temperaturmessung},
	year = {2018},
	month = {1},
	urldate = {2018-03-05},
	publisher = {Euro Inox},
	url = {www.micro-epsilon.de/download/products/dat--infrarot-grundlagen--de.pdf},
	keywords = {book}
}

@online{seebeck,
	author = { Michael Arndta, Alexander Grafa, and Gerald Gerlach},
	title  = {Seebeck effect in micromachined thermopiles for infrared detection},
	year = {2007},
	month = {6},
	urldate = {2018-03-02},
	url    = {www.kirj.ee/public/Engineering/2007/issue_4/eng-2007-4-7.pdf},
	keywords = {online}
}
